date,title,sessions,pageViews, totalRevenue ,totalSales , totalCost , totalProfit , customerSatisfaction ,employeeSatisfaction,customerRetentionRate,stockTotal
2/17/18,"Sports Water Bottle 3-Pack Multi-Pack, 3 Colors - Eastman Tritan, BPA-Free, Leak-Proof - Secured & Locking Lid, Break-Resistant - 30oz (900mL) - by Unity ... (Gray/Turquoise/Blue)",35737,47907,140162.36,6529,60850.28,79312.08,100,99,2,645
3/28/18," Elite Steam Iron 1500W, Anti-Drip & Self-Cleaning, Anti-Calcium, Vertical Steam - Stainless Steel Soleplate - XL 300ML Tank - Steam, Spray, Dry Functions - ETL Listed, by Unity",8626,11382,78425.5,2915,29878.75,48546.75,94,92,3,610
3/2/18,"Sports Water Bottle 3-Pack Multi-Pack, 3 Colors - Eastman Tritan, BPA-Free, Leak-Proof - Secured & Locking Lid, Break-Resistant - 30oz (900mL) - by Unity (Purple/Turquoise/Pink)",13922,18293,60230.52,2807,22343.72,37886.8,95,100,3,643
1/25/18," Value Terry Cloth 24-Pack - 12"" x 12"" - Cotton/Poly Blend for Maximum Performance - Fun Colors - Multi-Purpose, by Unity",8660,11330,50976.24,2736,22489.92,28486.32,90,97,2,652
3/11/18,"Sports Water Bottle 2-Pack Multi-Pack, 2 Colors, Eastman Tritan, BPA-Free, Leak-Proof, Easy Locking & Push Button Flip Top, 20oz (600mL), by Unity",9044,11216,35797.2,2283,22282.08,13515.12,91,98,3,74
3/1/18," Food & Freezer Storage Container Set, 26pc, Snap Tight Lid & Vent Cap, BPA-Free, Freezer-Safe, Microwave-Safe, by Unity",6809,8312,27567.68,1802,18001.98,9565.7,91,93,2,86
3/10/18, Soft Potty Training Potty Seat with Handles & Splash Guard - FREE HOOK INCLUDED - by Unity (Rubber Ducky),6321,8677,20188.63,1724,10102.64,10085.99,96,100,3,489
2/5/18," Outdoor Extension Cord - 15FT - Heavy Duty & Durable, 14 Gauge, Safety Yellow Cord, Premium Lighted Plug, UL Listed, by Unity",4540,5942,33946.9,1714,14569,19377.9,93,99,2,406
2/26/18," Premium+ Steam Iron 1400W, Anti-Drip & Self-Cleaning, Anti-Calcium, Vertical Steam, NonStick Soleplate, XL 250ML Tank - Steam, Spray, & Dry Functions - ETL Listed, by Unity",7040,9137,28453.84,1400,10416,18037.84,97,91,2,301
1/10/18," Outdoor Extension Cord UL listed - 50FT - Heavy Duty & Durable, 14 Gauge, Safety Yellow Cord, Premium Lighted Plug, by Unity",3231,4183,39298.88,1231,16655.43,22643.45,99,91,3,416
3/15/18," Outdoor Extension Cord UL listed - 25FT - Heavy Duty & Durable, 14 Gauge, Safety Yellow Cord, Premium Lighted Plug, by Unity",2523,3357,29423.94,1157,12090.65,17333.29,94,96,3,670
3/12/18, Soft Potty Training Potty Seat with Handles & Splash Guard - FREE HOOK INCLUDED - by Unity (Day At The Beach),3891,5089,12462.66,1070,6066.9,6395.76,97,92,2,202
3/20/18," Outdoor Extension Cord UL Listed - 100FT - Heavy Duty & Durable, 14 Gauge, Safety Yellow Cord, Premium Lighted Plug, by Unity",3472,4560,48011.04,987,15130.71,32880.33,91,91,3,612
2/18/18,"Sports Water Bottle 2-Pack Multi-Pack - Easy Flip Straw & Ice Cooler - 2 Colors, Eastman Tritan, BPA-Free, Ergonomic Shape, 27oz (800mL), by Unity",4474,5861,10488.44,919,6221.63,4266.81,93,90,3,295
1/21/18," 6-Pack Melamine 6"" Round Bowls, Break & Chip Resistant, Indoor/Outdoor, Wave Rim Design, by Unity (Turquoise)",3434,4407,11683.05,879,3023.76,8659.29,95,90,3,686
1/2/18," Executive Steam Iron 1600W, Auto-Off - Anti-Drip & Self-Cleaning, Anti-Calcium, Vertical Steam, Stainless Steel Soleplate, XL 350ML Tank - Steam, Spray, & Dry Functions - ETL Listed, by Unity",5954,7824,25714.26,832,11273.6,14440.66,92,91,2,195
2/25/18,"Unity 9"" Non-Slip Foldable Step Stool with Carrying Handle - Supports Up To 300LBS - Easy Open - Perfect for Kitchen, Bathroom, Bedroom & More - by Unity (White/Gray Pads)",1420,1883,7916.92,744,4129.2,3787.72,100,93,2,685
2/28/18, Clean Between Flossers Dental Floss Picks - 4 Pack - 4 x 100 Count - Included Holder - Pharmacy Quality - By Unity (Mint),1734,2244,10149.66,658,6744.5,3405.16,95,95,2,728
3/7/18," 6-Pack Melamine 6"" Round Bowls, Break & Chip Resistant, Indoor/Outdoor, Wave Rim Design, by Unity (White)",2083,2545,9401.29,626,5834.32,3566.97,99,95,3,750
2/24/18," Outdoor Extension Cord - 20FT - Heavy Duty & Durable, General Purpose, 16 Gauge, Orange Cord, UL Listed, by Unity",933,1173,11290.08,619,3361.17,7928.91,95,99,2,386
2/1/18," 6-Pack Melamine 10.3"" Dinner Plate, Break & Chip Resistant, Indoor/Outdoor, Wave Rim Design, by Unity (Turquoise)",3797,5155,10951.99,608,4322.88,6629.11,94,96,2,345
2/8/18," 16-Piece Melamine Dinnerware Set, Service for 4, Break & Chip Resistant, Indoor/Outdoor, Wave Rim Design, by Unity (Turquoise)",8953,11496,19776.24,605,4815.8,14960.44,96,98,2,757
3/8/18," 2-Slice Toaster, 7 Temperature Levels, Sleek Unibody Frame - Quick Bagel Button - Multiple Colors Available - Classic Performance And Power - 750W ETL-Listed, By Unity (Red)",3638,4512,12049.82,595,3486.7,8563.12,92,93,2,732
2/12/18,"Unity 13"" Non-Slip Foldable Step Stool Carrying Handle - Supports Up To 300LBS - Easy Open - Perfect Kitchen, Bathroom, Bedroom & More (Turquoise/White Dots)",2987,4156,8577.81,556,2168.4,6409.41,100,91,2,709
2/8/18,Unity 5-Piece Premium Medium Duty Garden Tool Set - Ergonomic Wooden Handles - Anti-Rust - Strong And Durable - Garden Tested,2629,3238,10307.46,546,4062.24,6245.22,90,91,2,757
1/13/18, 12-Piece MultiColor Classic Wide Rim Melamine Set - Indoor/Outdoor Dinnerware Set - Service For 4 - by Unity (Assorted w/Tumblers),5308,7069,15052.35,543,4463.46,10588.89,97,94,2,547
3/16/18,"Unity 9"" Non-Slip Foldable Step Stool with Carrying Handle - Supports Up To 300LBS - Easy Open - Perfect for Kitchen, Bathroom, Bedroom & More - by Unity (Gray/White Pads)",1243,1687,5539.95,530,2289.6,3250.35,91,91,2,459
3/1/18," Classic Stainless Steel 4-Slice Toaster - 7 Temperature Level - Extra Wide Slots - Digital Control Buttons, by Unity ...",2014,2749,18668.43,511,3459.47,15208.96,92,97,3,509
1/17/18,"Unity 9"" Non-Slip Foldable Step Stool Carrying Handle & Back Support - Supports up to 300LBS - Easy Open - Sit Stand Unity (White/Gray Dots)",3097,4022,8517.93,508,3662.68,4855.25,95,93,2,402
3/11/18, 12-Piece Classic Wide Rim Signature Melamine Blend Indoor/Outdoor Dinnerware Set - Canal Blue Wide Band Pattern - By Unity (Canal Blue),7960,10438,12207.64,497,4965.03,7242.61,97,97,3,97
2/16/18," Premium Outdoor Extension Cord UL listed - Super Heavy Duty & Durable - 12 Gauge - .15AMP-125V-1875W - Industrial Blue Cord, Premium Lighted Plug, by Unity (50 Ft)",2416,3018,21527.88,463,9260,12267.88,90,91,2,185
2/25/18, Basic+ Standard Ironing Board - Large Surface - Sturdy Legs - Iron Rest - Cotton Poly Cover & Mesh Surface Board by Unity,1613,2261,17323.44,452,4212.64,13110.8,94,93,3,222
3/17/18," 10-Piece Mixing Bowl Set - Leak Resistant - Snap Lids - BPA Free - Freezer Safe - Dishwasher Safe - Microwave Safe - Durable And Easy To Clean, by Unity",2353,2972,8289.47,445,1530.8,6758.67,92,99,2,285
3/4/18,"Heavy Duty Electric Skillet, 1200W, Non-Stick Premium Die-Cast Aluminum with Vented Glass Lid - Great for Cooking Anything from Pancakes to Steaks - By Unity",6745,8914,13383.81,442,7315.1,6068.71,91,92,3,75
3/19/18,"Sports Water Bottle Single Pack Blue - Bonus Insulating Sleeve - Eastman Tritan, BPA-Free, Leak-Proof - Secured & Locking Lid, Break-Resistant - 30oz (900mL) - by Unity",4825,6046,5024.26,418,2319.9,2704.36,92,90,3,651
2/18/18,"Premium Heavy Duty Velvet Hangers - 50 Pack Bulk - Pink - Non-Slip, Ultra Thin, 10lbs Capacity - Great for Suits, Pants, & Dresses - by Unity",1730,2329,13134.22,401,2177.43,10956.79,93,92,3,207
1/21/18,"Sports Water Bottle Single Pack Turquoise - Bonus Insulating Sleeve - Eastman Tritan, BPA-Free, Leak-Proof - Secured & Locking Lid, Break-Resistant - 30oz (900mL) - by Unity",2546,3206,4398.94,392,3825.92,573.02,90,98,3,264
2/18/18," 6-Pack Melamine 10.3"" Dinner Plate, Break & Chip Resistant, Indoor/Outdoor, Wave Rim Design, by Unity (White)",1476,1907,8566.75,388,3786.88,4779.87,95,96,2,575
1/1/18," Indoor/Outdoor Extension Cord - 20FT - Heavy Duty, Durable & Flexible, General Purpose, 16 Gauge, 2-Prong, UL-Listed - by Unity (Hunter Green)",1007,1293,5072.62,386,1713.84,3358.78,94,95,2,164
3/21/18, 12 Piece Melamine Break-Resistant Indoor Outdoor Dinnerware Set Service For 4 Square Pattern By Unity (Mardi Gras - Assorted 4 colors),3029,3749,11083.35,382,5092.06,5991.29,92,97,2,710
2/17/18," Premium+ Ironing Board - Premium Felt Underlay - Cotton Poly Blend Cover - Easy Fold Lever - Sturdy And Dependable - 48"" x 15"" - Everyday Use by Unity",985,1228,18558.48,378,8316,10242.48,92,94,3,575
1/1/18," 12-Piece Melamine Dinnerware Set, Service for 4, Break & Chip Resistant, Indoor/Outdoor, Square Design, by Unity (Meadow Green)",5583,7083,9106.32,361,2873.56,6232.76,97,98,3,507
1/7/18," 12-Piece Melamine Dinnerware Set, Service for 4, Break & Chip Resistant, Indoor/Outdoor, Square Design, by Unity (Ocean Blue)",3162,3970,9246.11,352,2893.44,6352.67,90,90,2,484
2/12/18,"Sports Water Bottle Single Pack Gray - Bonus Insulating Sleeve - Eastman Tritan, BPA-Free, Leak-Proof - Secured & Locking Lid, Break-Resistant - 30oz (900mL) - by Unity",2952,3600,4333.15,346,2941,1392.15,92,91,2,527
1/28/18,"Unity 9"" Non-Slip Foldable Step Stool with Carrying Handle - Supports Up To 300LBS - Easy Open - Perfect for Kitchen, Bathroom, Bedroom & More - by Unity (Turquoise/White Dots)",945,1258,3333.44,343,2551.92,781.52,93,98,3,154
1/31/18," 4-Slice Toaster, Dual 7 Temperature Levels, Sleek Unibody Frame - Quick Bagel Button - 1500W ETL-Listed, By Unity",1611,2058,8626.62,332,5089.56,3537.06,100,92,2,341
2/8/18,"Unity 11"" Non-Slip Foldable Step Stool with Carrying Handle - Supports Up To 300LBS - Easy Open - Perfect for Kitchen, Bathroom, Bedroom & More - by Unity (White/Grey Dots)",841,1189,3579.23,326,2428.7,1150.53,95,94,2,143
2/21/18,"Unity 11"" Non-Slip Foldable Step Stool with Carrying Handle - Supports Up To 300LBS - Easy Open - Perfect for Kitchen, Bathroom, Bedroom & More - by Unity (White Grey/White Dots)",729,1075,3519.41,325,1950,1569.41,94,98,2,362
1/26/18,"Unity 13"" Non-Slip Foldable Step Stool with Carrying Handle - Supports Up To 300LBS - Easy Open - Perfect for Kitchen, Bathroom, Bedroom & More - by (White Grey/White Dots)",1558,2166,5044.89,313,1774.71,3270.18,98,96,2,389
2/26/18," 16-Piece Melamine Dinnerware Set, Service for 4, Break & Chip Resistant, Indoor/Outdoor, Wave Rim Design, by Unity (White)",2529,3101,11211.53,284,2911,8300.53,94,99,2,746
1/30/18, Clean Between Flossers Dental Floss Picks - 4 Pack - 4 x 100 Count - Included Holder - Pharmacy Quality - By Unity (Plain),789,916,4520.94,282,3821.1,699.84,93,98,3,119
1/11/18," 6-Pack Melamine 6"" Round Bowls, Break & Chip Resistant, Indoor/Outdoor, Wave Rim Design, by Unity (Blue)",1217,1535,3554.28,281,966.64,2587.64,92,96,3,373
2/11/18," 6-Pack Melamine 10.3"" Dinner Plate, Break & Chip Resistant, Indoor/Outdoor, Wave Rim Design, by Unity (Blue)",1646,2155,4878.45,281,1646.66,3231.79,96,96,3,181
2/27/18," 2-Slice Toaster, 7 Temperature Levels, Sleek Unibody Frame - Quick Bagel Button - 750W ETL-Listed, By Unity",1899,2301,5018.12,273,1482.39,3535.73,94,94,2,636
3/3/18,Unity 12-Piece Paint Brush Set -Long Pro Style Wooden Handles - Pure Bristle and Synthetic Filament Blend - Interior Exterior - DIY Value Pack,1502,1806,3923.15,267,2488.44,1434.71,94,90,2,402
1/3/18," Dish Drainer Rack - Two Tier - Chrome Plated Steel - Modern Design - Super S - Removable Accessories Included: Cutlery Basket, Cup Drainer, & Drip Tray - by Unity",2943,3935,5070.38,246,2952,2118.38,90,91,3,482
1/17/18, 12-Piece MultiColor Classic Wide Rim Melamine Set - Indoor/Outdoor Dinnerware Set - Service For 4 - by Unity (Assorted Colors),4403,5383,6507.22,241,1631.57,4875.65,100,92,2,445
2/16/18,"Professional Die-Cast Aluminum Casserole - 5QT - Induction Bottom, Extra Thick Gauge, Ultra Non-Stick Stone Finish, Glass Lid with Steam Hole - By Unity",2612,3462,7342.65,236,4484,2858.65,94,99,2,382
2/23/18," Outdoor Extension Cord UL listed - 50FT - Heavy Duty & Durable, General Purpose, 16 Gauge, Orange Cord, by Unity",577,736,4694.24,236,1677.96,3016.28,97,91,2,470
2/23/18,"Sports Water Bottle Single Pack Purple - Bonus Insulating Sleeve - Eastman Tritan, BPA-Free, Leak-Proof - Secured & Locking Lid, Break-Resistant - 30oz (900mL) - by Unity",2297,2781,2950.93,230,1830.8,1120.13,95,94,3,383
2/28/18,"Luxury Real Wood Veneer Natural Toilet Seat - 16.5"" Standard Round - Premium Hinges - Heavy Duty - By Unity (Oak)",1114,1538,7162.83,224,4256,2906.83,93,91,2,729
3/14/18," 12-Piece Melamine Dinnerware Set, Service for 4, Break & Chip Resistant, Indoor/Outdoor, Square Design, by Unity (Tropical Yellow)",2507,3191,5312.02,215,2098.4,3213.62,100,100,2,787
2/4/18," 16-Piece Melamine Dinnerware Set, Service for 4, Break & Chip Resistant, Indoor/Outdoor, Wave Rim Design, by Unity (Blue)",2355,2825,6242.5,210,1230.6,5011.9,98,96,2,308
3/4/18,"Sports Water Bottle Single Pack Pink- Bonus Insulating Sleeve - Eastman Tritan, BPA-Free, Leak-Proof - Secured & Locking Lid, Break-Resistant - 30oz (900mL) - by Unity",2321,2773,2301.7,208,1154.4,1147.3,93,99,2,768
1/13/18," Premium Outdoor Extension Cord UL listed - Super Heavy Duty & Durable - 12 Gauge - .15AMP-125V-1875W - Industrial Blue Cord, Premium Lighted Plug, by Unity (100 Ft)",859,1094,16713.03,205,8402.95,8310.08,96,93,3,450
2/17/18," Value Rainbow Food Container Storage Set - 7 Containers with 7 Colorful Lids - BPA-Free, Non-Toxic, Dishwasher-Safe, Microwave-Safe - Great for Everyday Use! - by Unity (Square)",1366,1767,2372.86,203,1463.63,909.23,91,92,3,364
2/27/18,"Unity 9"" Non-Slip Foldable Step Stool with Carrying Handle - Supports Up To 300LBS - Easy Open - Perfect for Kitchen, Bathroom, Bedroom & More - by Unity (Turquoise/White Dots)",721,956,2054.99,202,1010,1044.99,100,100,2,264
1/24/18,"Premium Heavy Duty Velvet Hangers - 50 Pack Bulk - Navy - Non-Slip, Ultra Thin, 10lbs Capacity - Great for Suits, Pants, & Dresses - by Unity",649,817,6242.5,201,2007.99,4234.51,95,93,3,785
2/19/18," 6-Pack Melamine 8.3"" Deep Salad Plate, Break & Chip Resistant, Indoor/Outdoor, Wave Rim Design, by Unity (Turquoise)",708,884,2928.99,196,2009,919.99,98,98,2,228
2/11/18," 12-Piece Party Bulk Pack Signature Melamine Blend Set - Classic Wide Rim Design - Indoor/Outdoor Reusable Dinnerware - Great Paper Plate Replacement! - by Unity (10.5"" Dinner Plate, Silver)",3520,4608,6503.12,194,1594.68,4908.44,95,92,2,763
1/20/18," Belgian Waffle Maker, Brushed Stainless Steel, 180 Degree Rotation, Dual Nonstick Surfaces, Variable Temperature Control, 1050W - Great for Making Thick, Fluffy & Crispy Waffles - by Unity",1265,1575,5874.12,192,1918.08,3956.04,91,93,2,437
3/9/18,"Unity 13"" Non-Slip Foldable Step Stool with Carrying Handle - Supports Up To 300LBS - Easy Open - Perfect for Kitchen, Bathroom, Bedroom & More - by (White Grey/Whit Dots)",851,1183,3023.94,188,1927,1096.94,92,91,2,334
1/4/18,"Unity 13"" Non-Slip Foldable Step Stool Carrying Handle - Supports Up To 300LBS - Easy Open - Perfect Kitchen, Bathroom, Bedroom & More (White/Grey Dots)",884,1166,3098.79,183,1504.26,1594.53,97,97,3,536
1/25/18," Children's Step Stool - Comfortable Soft Non-Slip Grips - 5"" Strong Durable Construction - Safe & Portable - Supports 70 Lbs - By Unity",743,962,1956.27,178,1658.96,297.31,97,98,2,233
3/8/18," Indoor Extension Cord Multi-Pack UL listed - 9FT - 3 Pack - Flexible & Durable, General Purpose, 16 Gauge, White Cord, by Unity",275,386,2645.37,170,1659.2,986.17,99,99,2,683
1/3/18," 12-Piece Melamine Dinnerware Set, Service for 4, Break & Chip Resistant, Indoor/Outdoor, Square Design, by Unity (Festive Orange)",1938,2399,4253.61,166,1321.36,2932.25,96,91,2,377
1/5/18,"Handi-Craft Classic Value Wood Toilet Seat - Sculptured Shell Pattern - 16.5"" Standard Round - Easy Installation & Cleaning, by Unity",846,1114,3973.81,161,1089.97,2883.84,91,96,2,537
2/24/18," Premium Heavy Duty Velvet Hangers - 50 Pack Bulk - Taupe - Non-Slip, Ultra Thin, 10lbs Capacity - Great for Suits, Pants, & Dresses - by Unity",903,1113,5468.43,161,874.23,4594.2,94,93,2,240
2/7/18,2 Pack Folding Umbrellas - Value Pack - Great For Travel - Auto Open - Designer Colors - Classic Value by Unity (Navy),677,917,3188.61,160,1360,1828.61,95,95,2,533
1/11/18,"Unity 11"" Non-Slip Foldable Step Stool with Carrying Handle - Supports Up To 300LBS - Easy Open - Perfect for Kitchen, Bathroom, Bedroom & More - by Unity",581,717,1724.81,156,848.64,876.17,100,93,3,449
3/19/18," 6-Pack Melamine 10.5"" Square Dinner Plate - Break-Resistant - Indoor/Outdoor - by Unity (Ocean Blue)",952,1220,2856.34,152,522.88,2333.46,93,95,2,368
3/23/18, Classic Stainless Steel 2-Slice Toaster - 7 Temperature Level - Extra Wide Slots - Digital Control Buttons - by Unity,1392,1640,3813.35,151,1407.32,2406.03,100,94,3,78
3/28/18," 6-Pack Melamine 6"" Round Bowls, Break & Chip Resistant, Indoor/Outdoor, Wave Rim Design, by Unity (Red)",768,930,2226.91,149,1108.56,1118.35,93,100,2,434
1/30/18,"Luxury Real Wood Veneer Natural Toilet Seat - 16.5"" Standard Round - Premium Hinges - Heavy Duty - By Unity (Walnut)",708,945,4585.41,148,1216.56,3368.85,92,94,3,615
3/30/18, 12 Piece Melamine Dinnerware Set - Service For 4 - Break Resistant - Indoor Outdoor by Unity,1373,1678,3290.39,144,843.84,2446.55,95,92,2,680
1/19/18,"Premium Heavy Duty Velvet Hangers - 50 Pack Bulk - ABS Material And Chrome Hook - Non-Slip, Ultra Thin, 10lbs Capacity - Great for Suits, Pants, & Dresses - by Unity (Gray)",668,874,5468.43,142,2556,2912.43,91,94,2,510
1/23/18," Indoor/Outdoor 6FT Extension Cord - 3 x 3-Wire Grounded Outlets - Heavy Duty & Durable - 16 Gauge, UL-Listed, by Unity",297,371,2064.23,142,613.44,1450.79,94,91,3,100
2/9/18,"Premium Heavy Duty Velvet Hangers - 50 Pack Bulk - ABS Material And Chrome Hook - Non-Slip, Ultra Thin, 10lbs Capacity - Great for Suits, Pants, & Dresses - by Unity (Chocolate Brown)",512,645,4294.84,141,799.47,3495.37,96,95,3,390
3/13/18," 6-Pack Melamine 10.3"" Dinner Plate, Break & Chip Resistant, Indoor/Outdoor, Wave Rim Design, by Unity (Red)",1030,1270,3001.86,140,947.8,2054.06,95,99,2,380
1/18/18,"Luxury Real Wood Veneer Natural Toilet Seat - 16.5"" Standard Round - Premium Hinges - Heavy Duty - By Unity (Teak)",561,771,4255.74,139,1424.75,2830.99,99,92,2,514
2/5/18," Chair Pads - Cotton Canvas - Value 4 Pack - Fits 17"" Chair - Solid Color - Classic Design, by Unity (French Toast)",2114,2886,8095.14,137,743.91,7351.23,94,91,3,509
1/20/18,"Unity Chair Pads - Cotton Canvas - Value 4 Pack - Fits 15"" Chair - Cross Stitch - Classic Design (Black)",1628,2072,6475.14,130,924.3,5550.84,100,92,3,269
3/8/18," Heavy Duty Die-Cast Deep Fryer & Multi-Cooker - 6L Capacity - Included Aluminum Basket & Tempered Vented Glass Lid - Adjustable Temperature Gauge - ETL Listed, by Unity",1786,2232,4843.07,130,761.8,4081.27,90,100,2,427
3/24/18,"Unity Chair Pads - Cotton Canvas - Value 4 Pack - Fits 15"" Chair - Cross Stitch - Classic Design (Gray)",4245,5741,5635.77,127,1239.52,4396.25,100,92,2,307
2/26/18," 6-Pack Melamine 10.5"" Square Dinner Plate - Break-Resistant - Indoor/Outdoor - by Unity (Tropical Yellow)",1238,1613,2353.51,126,1704.78,648.73,100,91,3,409
3/20/18," 6-Pack Melamine 8.3"" Deep Salad Plate, Break & Chip Resistant, Indoor/Outdoor, Wave Rim Design, by Unity (White)",384,497,2501.16,126,1679.58,821.58,100,100,2,220
2/2/18," 6-Pack Melamine 18oz Tumbler Cups, Break & Chip Resistant, Indoor/Outdoor - Great for Parties! - Wave Rim Design, by Unity (Turquoise)",507,640,1788.11,123,423.12,1364.99,100,96,2,102
1/8/18," Premium Heavy Duty Velvet Hangers - 50 Pack Bulk - Black - Non-Slip, Ultra Thin, 10lbs Capacity - Great for Suits, Pants, Dresses - by Unity",822,1052,3856.11,122,1653.1,2203.01,94,98,2,334
1/10/18," 3 Outlet Outdoor Extension Cord UL Listed - 15FT - Heavy Duty & Durable, 14 Gauge, Safety Yellow Cord, Premium Lighted Plug, by Unity",444,562,2089.08,122,971.12,1117.96,91,90,2,190
2/7/18,"Unity Chair Pads - Cotton Canvas - Value 4 Pack - Fits 15"" Chair - Cross Stitch - Classic Design (Blue)",3881,5155,5435.92,122,2440,2995.92,93,90,3,722
2/22/18," Indoor Extension Cord Multi-Pack UL-Listed - 6 FT, 9 FT, 12 FT - 3 PACK - Flexible & Durable, General Purpose, 16 Gauge, Brown Cord, by Unity",339,417,2219.83,122,1626.26,593.57,91,98,2,445
3/23/18," 6-Pack Melamine 8.3"" Deep Salad Plate, Break & Chip Resistant, Indoor/Outdoor, Wave Rim Design, by Unity (Blue)",659,852,1967.45,115,1201.75,765.7,98,94,2,257
1/20/18,"Handi-Craft Classic Value Beveled Wood Toilet Seat - 16.5"" Standard Round - Easy Installation & Cleaning, by Unity (Black)",394,501,2036.4,113,928.86,1107.54,94,95,3,789
3/17/18," Indoor Extension Cord Multi-Pack UL-Listed - 6FT - 3 Pack - Flexible & Durable, General Purpose, 16 Gauge, Brown Cord, by Unity",252,324,1306.07,112,608.16,697.91,97,93,2,398
2/14/18,2 Pack Folding Umbrellas - Value Pack - Great For Travel - Auto Open - Designer Colors - Classic Value by Unity (Black),398,548,2080.83,109,810.96,1269.87,98,95,2,294
1/15/18," Chair Pads - Cotton Canvas - Value 4 Pack - Fits 17"" Chair - Solid Color - Classic Design, by Unity (Gray)",2370,3137,6196.28,108,1787.4,4408.88,97,99,3,564
1/24/18," Chair Pads - Cotton Canvas - Value 4 Pack - Fits 15"" Chair - Cabana Stripe - Classic Design, by Unity (Navy)",2799,3614,5276.04,108,371.52,4904.52,93,95,2,94
2/4/18," Chair Pads - Cotton Canvas - Value 4 Pack - Fits 17"" Chair - Solid Color - Classic Design, by Unity (Black)",1448,2008,6546.07,108,778.68,5767.39,95,98,2,77
1/7/18,"Unity Chair Pads - Cotton Canvas - Value 4 Pack - Fits 15"" Chair - Cross Stitch - Classic Design (Navy)",3074,3981,4996.25,107,851.72,4144.53,91,98,2,389
1/14/18," Chair Pads - Cotton Canvas - Value 4 Pack - Fits 15"" Chair - Cabana Stripe - Classic Design, by Unity (Stripe Stone)",2092,2743,5355.98,106,1058.94,4297.04,96,93,2,599
1/18/18,"Unity Scented Color Changing Candles - 3-Pack - Natural Fragrances - Peaceful, Ambient Light for Your Home & Bath - Glass Jar - Color Changing Fiber-Optic Wick - No Batteries Required!",477,600,1597.77,105,582.75,1015.02,100,91,3,449
3/27/18,"Unity Chair Pads - Cotton Canvas - Value 4 Pack - Fits 15"" Chair - Leaf Pattern - Classic Design, by Unity (Blue)",2067,2692,4676.49,104,1015.04,3661.45,96,95,3,257
1/15/18," 8 Piece - 5.5"" Bowl - Break Resistant - Indoor Out Door - 4 Fun Assorted Colors - Dinner Ware Pack - Mix And Match By Unity",624,827,1564.64,103,584.01,980.63,96,100,3,580
2/2/18,"Unity 9"" Non-Slip Foldable Step Stool with Carrying Handle - Supports Up To 300LBS - Easy Open - Perfect for Kitchen, Bathroom, Bedroom & More - by Unity (White Grey/White Dots)",343,430,1041.7,103,766.32,275.38,94,92,3,483
3/31/18," 5-Piece Bakeware Gift Set, Charcoal Gray, 4 Pans & Rubber Spatula, by Unity",466,573,1140.88,101,347.44,793.44,96,98,2,530
1/29/18,"Unity Chair Pads - Cotton Canvas - Value 4 Pack - Fits 15"" Chair - Leaf Pattern - Classic Design, by Unity (Gray)",1662,2150,5236.07,100,432,4804.07,93,96,2,278
2/11/18," Indoor/Outdoor Extension Cord - 20FT - Heavy Duty, Durable & Flexible, General Purpose, 16 Gauge, 2-Prong, Safety Yellow, UL-Listed - by Unity",377,450,1141.61,100,745,396.61,94,100,2,790
2/12/18,"Unity 24 Pack Heavy Duty Executive Quality Metal Pants Hangers With White Grips,  Collection",523,668,2940.16,100,390,2550.16,100,96,2,479
2/15/18," Chair Pads - Cotton Canvas - Value 4 Pack - Fits 17"" Chair - Solid Color - Classic Design, by Unity (Red)",2170,2838,6496.1,100,3856,2640.1,99,91,3,725
1/28/18," Copper Pan System - 4 Piece Set - 4.5 Quart - Ceramic Interior - Induction Bottom - Multi-Layer Construction - Fry, Steam, Bake, Roast, Boil - Durable & Hardwearing - Gift Box - by Unity",929,1213,3533.99,99,1341.45,2192.54,91,95,3,312
2/1/18," Chair Pads - Cotton Canvas - Value 4 Pack - Fits 15"" Chair - Solid Color - Classic Design, by Unity (Black)",821,1103,4476.64,99,2178,2298.64,96,94,3,194
3/24/18," 6-Pack Melamine 10.5"" Square Dinner Plate - Break-Resistant - Indoor/Outdoor - by Unity (Meadow Green)",783,992,2107.08,98,543.9,1563.18,95,99,3,295
1/29/18,"Unity 11"" Non-Slip Foldable Step Stool with Carrying Handle - Supports Up To 300LBS - Easy Open - Perfect for Kitchen, Bathroom, Bedroom & More - by Unity (Turquoise/White Dots)",315,407,947.15,92,732.32,214.83,100,99,3,352
2/7/18," Chair Pads - Cotton Canvas - Value 4 Pack - Fits 17"" Chair - Solid Color - Classic Design, by Unity (Navy)",1320,1767,5946.43,91,932.75,5013.68,92,97,3,453
1/31/18," 16-Piece Melamine Dinnerware Set, Service for 4, Break & Chip Resistant, Indoor/Outdoor, Wave Rim Design, by Unity (Red)",1785,2093,2521.97,89,483.27,2038.7,92,90,3,667
1/31/18,"Unity Chair Pads - Cotton Canvas - Value 4 Pack - Fits 15"" Chair - Leaf Pattern - Classic Design, by Unity (Green)",992,1290,4876.34,88,515.68,4360.66,95,99,2,111
2/20/18,"Professional Die-Cast Aluminum Casserole - 8QT - Induction Bottom, Extra Thick Gauge, Ultra Non-Stick Stone Finish, Glass Lid with Steam Hole - By Unity",715,975,3184.09,88,723.36,2460.73,90,92,3,738
3/25/18,"Unity Chair Pads - Cotton Canvas - Value 4 Pack - Fits 15"" Chair - Cross Stitch - Classic Design (Ecru)",1736,2236,4436.67,88,1349.04,3087.63,100,97,3,50
1/2/18,2 Pack Folding Umbrellas - Value Pack - Great For Travel - Auto Open - Designer Colors - Classic Value by Unity (Burgundy),548,743,1541.91,87,512.43,1029.48,98,91,2,502
3/7/18," Artisan XL Panini Grill Press, 1500W - 6-Slice Capacity - Brushed Stainless Steel, Dual Non-Stick Plates - Perfect for Sandwiches, Meats, Fish, Veggies, & More - By Unity",3199,4012,3754.08,87,1044,2710.08,96,95,2,702
1/11/18,"4 Pack Folding Umbrellas - Value Pack - Great For Travel - Fun Colors - Classic Value by Unity (Bright: Red, Pink, Green, Orange)",284,401,2407.98,84,782.88,1625.1,95,95,3,145
3/14/18," Indoor/Outdoor Extension Cord - 20FT - Heavy Duty, Durable & Flexible, General Purpose, 16 Gauge, 2-Prong, Orange, UL-Listed - by Unity",437,536,1101.73,84,597.24,504.49,91,94,2,752
3/16/18," Industrial Surge Protector - 8 Outlet Strip - Heavy Duty Metal Housing - 90J, Circuit Breaker, Easy Wrap Around Cord, Safety Yellow - ETL-Listed - by Unity",219,276,1940.34,82,697,1243.34,100,97,3,386
3/21/18," Chair Pads - Cotton Canvas - Value 4 Pack - Fits 16"" Chair - XL Futon - Classic Design, by Unity (Black)",1089,1336,4180.33,79,1501,2679.33,97,91,3,646
1/12/18," 8 Piece - 10.5"" Dinner Plate -Break Resistant - Indoor Out Door - 4 Fun Assorted Colors - Dinner Ware Pack - Mix And Match By Unity",429,555,1978.28,78,468,1510.28,96,93,2,223
1/13/18," 6-Pack Melamine 10.5"" Square Dinner Plate - Break-Resistant - Indoor/Outdoor - by Unity (Festive Orange)",643,822,1412.67,76,708.32,704.35,92,96,3,436
3/31/18,"Unity Chair Pads - Cotton Canvas - Value 4 Pack - Fits 15"" Chair - Leaf Pattern - Classic Design, by Unity (Ecru)",988,1224,3477.39,75,732,2745.39,93,94,3,161
1/16/18,"Handi-Craft Classic Value Plastic Toilet Seat - 18.5"" Standard Elongated - Easy Installation & Cleaning, by Unity (White)",213,261,1934.58,72,487.44,1447.14,91,97,3,583
1/28/18,2-Pack Folding Umbrellas - Value Pack - Great For Travel - Auto Open - Designer Colors - Classic Value by Unity (Gray),262,354,1137.72,71,385.53,752.19,97,95,3,719
1/30/18," Chair Pads - Cotton Canvas - Value 4 Pack - Fits 17"" Chair - Solid Color - Classic Design, by Unity (Khaki)",1009,1348,4147.51,71,709.29,3438.22,97,95,3,336
1/22/18,"Luxury Real Wood Veneer Natural Toilet Seat - 18.5"" Elongated Toilet Seat - Premium Hinges - Heavy Duty - By Unity (Teak)",648,852,2797.6,70,1330,1467.6,97,93,2,323
1/9/18," Chair Pads - Cotton Canvas - Value 4 Pack - Fits 15"" Chair - Solid Color - Classic Design, by Unity (Burgundy)",949,1235,3197.6,69,497.49,2700.11,91,98,2,433
2/2/18," Chair Pads - Cotton Canvas - Value 4 Pack - Fits 16"" Chair - XL Futon - Classic Design, by Unity (Gray)",1141,1437,3851.54,69,404.34,3447.2,96,96,2,222
2/19/18,4 Pack Folding Umbrellas - Value Pack - Great For Travel - Fun Colors - Classic Value by Unity (Black),257,369,2372.04,69,467.13,1904.91,98,99,3,664
1/22/18," Chair Pads - Cotton Canvas - Value 4 Pack - Fits 16"" Chair - XL Futon - Classic Design, by Unity (Blue)",1189,1427,3804.57,66,879.78,2924.79,96,95,2,447
2/3/18," Chair Pads - Cotton Canvas - Value 4 Pack - Fits 16"" Chair - XL Futon - Classic Design, by Unity (Green)",2274,2777,3663.66,66,330,3333.66,100,100,3,705
3/25/18," 8 Piece -8.5"" Salad Plate - Break Resistant - Indoor Out Door - 4 Fun Assorted Colors - Dinner Ware Pack - Mix And Match By Unity",414,531,1033.78,64,596.48,437.3,100,98,3,782
3/30/18," 3 Outlet Outdoor Extension Cord UL Listed - 3FT - Heavy Duty & Durable, 14 Gauge, Safety Yellow Cord, Premium Lighted Plug, by Unity",562,720,708.69,64,220.16,488.53,94,96,3,124
3/5/18," Indoor Extension Cord Multi-Pack UL listed - 6FT - 3 Pack - Flexible & Durable, General Purpose, 16 Gauge, White Cord, by Unity",196,269,836.66,62,493.52,343.14,94,96,2,635
1/6/18," 12-Piece Party Bulk Pack Signature Melamine Blend Set - Classic Wide Rim Design - Indoor/Outdoor Reusable Dinnerware - Great Paper Plate Replacement! - by Unity (8.5"" Salad Plate, Silver)",1929,2493,1725.12,61,625.25,1099.87,94,91,3,252
2/6/18," Chair Pads - Cotton Canvas - Value 4 Pack - Fits 17"" Chair - Solid Color - Classic Design, by Unity (Sea Blue)",1297,1742,3647.81,61,338.55,3309.26,100,92,3,277
3/3/18," Chair Pads - Cotton Canvas - Value 4 Pack - Fits 15"" Chair - Solid Color - Classic Design, by Unity (Charcoal)",1254,1637,2957.78,61,1098,1859.78,95,95,2,202
3/31/18," 12-Piece Party Bulk Pack Signature Melamine Blend Set - Classic Wide Rim Design - Indoor/Outdoor Reusable Dinnerware - Great Paper Bowl Replacement! - by Unity (7.5"" Bowl, Silver)",561,692,1455.57,61,412.97,1042.6,92,98,3,582
2/14/18,"Luxury Real Wood Veneer Natural Toilet Seat - 18.5"" Elongated Toilet Seat - Premium Hinges - Heavy Duty - By Unity (Oak)",439,594,2168.14,60,599.4,1568.74,94,91,2,419
2/16/18," Indoor Extension Cord Multi-Pack UL-Listed - 9FT - 3 Pack - Flexible & Durable, General Purpose, 16 Gauge, Brown Cord, by Unity",182,234,837.9,59,575.84,262.06,91,95,3,292
1/11/18," Chair Pads - Cotton Canvas - Value 4 Pack - Fits 15"" Chair - Cabana Stripe - Classic Design, by Unity (Gray)",1728,2109,2717.96,57,468.54,2249.42,95,97,3,274
1/27/18,"Luxury Real Wood Veneer Natural Toilet Seat - 18.5"" Elongated Toilet Seat - Premium Hinges - Heavy Duty - By Unity (Walnut)",341,428,2133.17,57,873.81,1259.36,90,90,2,422
1/1/18,"Unity Chair Pads - Cotton Canvas - Value 4 Pack - Fits 15"" Chair - Leaf Pattern - Classic Design, by Unity (Gold)",875,1112,2435.17,55,372.35,2062.82,91,100,2,68
1/8/18," Unity Cotton Canvas - Value 4 Pack - Fits 15"" Chair - Cabana Stripe - Classic Design, by Unity (Stripe Ecru)",978,1224,2598.05,55,467.5,2130.55,98,90,2,708
1/12/18," Every Day Basic+ Mirror Polish Stainless Steel Cutlery Value Pack (12, Teaspoon - 5.9"")",382,476,1053.36,54,553.5,499.86,91,92,3,711
2/5/18,Unity 36 Pack Ultra thin ABS Easy Slide Heavy Duty Non-Slip Clothes Hangers (Blue),427,550,1448.26,52,178.88,1269.38,99,98,3,109
3/29/18," 12-Piece Party Bulk Pack Signature Melamine Blend Set - Classic Wide Rim Design - Indoor/Outdoor Reusable Dinnerware - Great Paper Plate Replacement! - by Unity (9"" Deep Plate, Silver)",890,1103,1150.08,51,298.86,851.22,98,99,2,204
1/2/18," Unity Cotton Canvas - Value 4 Pack - Fits 15"" Chair - Cabana Stripe - Classic Design, by Unity (Stripe Black)",635,804,2398.2,50,522.5,1875.7,97,99,3,355
2/21/18,"4 Pack Folding Umbrellas - Value Pack - Great For Travel - Fun Colors - Classic Value by Unity (Dark: Blue, Blue, Gray, Green)",232,293,1617.3,50,216,1401.3,94,94,2,499
2/4/18,"Handi-Craft Classic Value Slow Close Plastic Toilet Seat - 16.5"" Standard Round - Easy Installation & Cleaning, by Unity (Bone)",119,152,1043.35,49,489.51,553.84,96,100,2,270
1/3/18,"Unity Cotton Canvas - Value 4 Pack - Fits 15"" Chair - Cabana Stripe - Classic Design, by Unity (Stripe Blue)",811,981,2078.44,48,266.4,1812.04,95,97,3,149
1/6/18," Unity Cotton Canvas - Value 4 Pack - Fits 15"" Chair - Cabana Stripe - Classic Design, by Unity (Stripe Gold)",494,613,2198.35,48,341.28,1857.07,97,98,3,370
1/18/18," Unity Cotton Canvas - Value 4 Pack - Fits 15"" Chair - Cabana Stripe - Classic Design, by Unity (Stripe Green)",590,723,2278.29,48,260.64,2017.65,94,94,2,495
1/7/18,"Handi-Craft Classic Value Plastic Toilet Seat - 18.5"" Standard Elongated - Easy Installation & Cleaning, by Unity (Bone)",195,247,899.41,47,481.75,417.66,90,90,2,606
2/5/18," Value Rainbow Food Container Storage Set - 7 Containers with 7 Colorful Lids - BPA-Free, Non-Toxic, Dishwasher-Safe, Microwave-Safe - Great for Everyday Use! - by Unity (Rectangle)",397,539,508.47,47,374.12,134.35,90,96,2,517
2/6/18," Classic Value Towel Set - 6 PCS Included: 2 Bath Towels, 2 Hand Towels, & 2 Washcloths - Cotton/Poly Blend for Maximum Performance - Lightweight - Quick Dry - by Unity (Fuchsia)",152,202,970.38,47,438.04,532.34,94,90,2,66
1/26/18," Chair Pads - Cotton Canvas - Value 4 Pack - Fits 16"" Chair - XL Futon - Classic Design, by Unity (Ecru)",1036,1294,2771.23,46,622.38,2148.85,98,92,3,487
3/28/18," Unity Cotton Canvas - Value 4 Pack - Fits 15"" Chair - Cabana Stripe - Classic Design, by Unity (Stripe Denim Gray)",1123,1422,1998.5,46,378.12,1620.38,92,100,3,678
2/19/18," 2-Slice Toaster, 7 Temperature Levels, Sleek Unibody Frame - Quick Bagel Button - Multiple Colors Available - Classic Performance And Power - 750W ETL-Listed, By Unity (Black)",434,498,881.65,45,324.45,557.2,99,99,2,431
1/27/18," Unity Cotton Canvas - Value 4 Pack - Fits 15"" Chair - Cabana Stripe - Classic Design, by Unity (Stripe Sky Blue)",752,896,2398.2,44,327.36,2070.84,98,93,2,467
3/25/18," Indoor Extension Cord Multi-Pack UL listed - 6FT, 9 FT, 12 FT - 3 Pack - Flexible & Durable, General Purpose, 16 Gauge, White Cord, by Unity",78,86,910.29,44,190.08,720.21,98,99,2,155
1/2/18,"Unity 13"" Non-Slip Foldable Step Stool with Carrying Handle - Supports Up To 300LBS - Easy Open - Perfect for Kitchen, Bathroom, Bedroom & More - by (Black White/Black Dots)",168,216,643.71,42,284.34,359.37,99,94,2,519
2/1/18," Chair Pads - Cotton Canvas - Value 4 Pack - Fits 16"" Chair - XL Futon - Classic Design, by Unity (Navy)",1263,1517,2536.38,40,542,1994.38,98,99,3,67
1/15/18," Indoor Extension Cord Multi-Pack UL-listed - 6 FT, 9 FT, 12 FT, 20 FT - 4 PACK - Flexible & Durable, General Purpose, 16 Gauge, White Cord, by Unity",148,178,929.53,39,152.1,777.43,92,99,3,116
1/19/18,"4 Tier Laundry Rack With Garment Hooks - Dry Sort Organize, Steel Frame - 28"" x 25"" x 68"" - Portable - Space Saver by Unity",627,772,1558.83,39,1503.84,54.99,94,92,2,683
2/22/18," 12-Piece Party Bulk Pack Signature Melamine Blend Set - Classic Wide Rim Design - Indoor/Outdoor Reusable Dinnerware - Great Paper Plate Replacement! - by Unity (10.5"" Dinner Plate, Gold)",787,940,1318.2,39,221.13,1097.07,92,93,2,108
1/17/18," Chair Pads - Cotton Canvas - Value 4 Pack - Fits 15"" Chair - Solid Color - Classic Design, by Unity (Sea Blue)",545,733,1878.59,38,282.72,1595.87,100,92,2,157
1/5/18," 6-Pack Melamine 8.3"" Deep Salad Plate, Break & Chip Resistant, Indoor/Outdoor, Wave Rim Design, by Unity (Red)",348,432,542.47,37,216.82,325.65,97,95,2,327
1/9/18," 6-Pack Classic Wide Rim Signature Melamine Blend Indoor/Outdoor Dinnerware - Canal Blue Wide Band Pattern - By Unity (19oz Tumbler, Canal Blue)",148,201,427.83,37,205.35,222.48,92,90,3,689
2/20/18," 6-Pack Melamine 18oz Tumbler Cups, Break & Chip Resistant, Indoor/Outdoor - Great for Parties! - Wave Rim Design, by Unity (White)",165,199,537.53,37,361.12,176.41,90,96,2,535
3/15/18," Unity Cotton Canvas - Value 4 Pack - Fits 15"" Chair - Cabana Stripe - Classic Design, by Unity (Stripe Brown)",671,816,1678.74,37,493.21,1185.53,98,99,3,136
3/2/18," Value Food Container Storage Set - 10-Piece Set with Clip Lock Lids - BPA-Free, Non-Toxic, Dishwasher-Safe, Microwave-Safe - Airtight, Stackable, & Leakproof - by Unity",310,388,388.83,36,195.48,193.35,99,93,3,544
3/12/18," Classic Value Towel Set - 6 PCS Included: 2 Bath Towels, 2 Hand Towels, 2 Washcloths - Cotton/Poly Blend for Maximum Performance - Lightweight - Quick Dry - by Unity (Dark Purple)",158,200,706.77,35,194.25,512.52,91,100,2,170
1/28/18,"Unity Chair Pads - Cotton Canvas - Value 4 Pack - Fits 15"" Chair - Diamond Pattern - Classic Design (Blue)",1026,1342,1638.77,32,110.08,1528.69,91,95,3,138
2/15/18,"Handi-Craft Classic Value Beveled Wood Toilet Seat - 16.5"" Standard Round - Easy Installation & Cleaning, by Unity (Bone)",248,287,610.92,31,246.76,364.16,90,94,3,505
1/16/18,"Handi-Craft Classic Value Beveled Wood Toilet Seat - 16.5"" Standard Round - Easy Installation & Cleaning, by Unity (White)",229,287,593.95,30,307.5,286.45,92,91,2,588
1/21/18,"Handi-Liner Commercial Bulk Trash Can Liners Virgin Materials - 13 Gallon (20 Rolls, 1000 Liners, 1 Case)",28,36,865.98,30,246.6,619.38,99,100,3,516
2/9/18," 6-Pack Melamine 18oz Tumbler Cups, Break & Chip Resistant, Indoor/Outdoor - Great for Parties! - Wave Rim Design, by Unity (Blue)",226,284,318.13,29,215.76,102.37,92,91,3,456
3/6/18,"Handi-Craft Classic Value Slow Close Plastic Toilet Seat - 16.5"" Standard Round - Easy Installation & Cleaning, by Unity (White)",73,87,569.1,29,164.43,404.67,91,96,2,529
2/4/18,"Unity 11"" Non-Slip Foldable Step Stool with Carrying Handle - Supports Up To 300LBS - Easy Open - Perfect for Kitchen, Bathroom, Bedroom & More - by Unity (Red Blue/White Dots)",158,210,309.01,28,230.16,78.85,90,91,2,516
2/9/18," 12-Piece Party Bulk Pack Signature Melamine Blend Set - Classic Wide Rim Design - Indoor/Outdoor Reusable Dinnerware - Great Paper Plate Replacement! - by Unity (8.5"" Salad Plate, Gold)",1139,1389,880.53,28,560,320.53,100,94,3,220
1/10/18," Chair Pads - Cotton Canvas - Value 4 Pack - Fits 15"" Chair - Solid Color - Classic Design, by Unity (Navy)",659,888,1239.07,26,221,1018.07,99,91,2,240
1/4/18," Classic Value Towel Set - 6 PCS Included: 2 Bath Towels, 2 Hand Towels, & 2 Washcloths - Cotton/Poly Blend for Maximum Performance - Lightweight - Quick Dry - by Unity (Medium Blue)",166,209,589.95,25,146.5,443.45,93,97,2,355
1/16/18," Chair Pads - Cotton Canvas - Value 4 Pack - Fits 15"" Chair - Solid Color - Classic Design, by Unity (French Toast)",431,575,1199.1,25,150,1049.1,94,92,2,664
1/21/18," Chair Pads - Cotton Canvas - Value 4 Pack - Fits 15"" Chair - Solid Color - Classic Design, by Unity (Moss)",188,234,1279.04,25,186.25,1092.79,98,94,2,428
1/22/18," Indoor Extension Cord Multi-Pack - UL-listed - 6 FT, 9 FT, 12 FT, 20 FT - 4 Pack - Virgin Materials & Durable, General Purpose, 16 Gauge, Brown Cord - by Unity",80,93,588.07,25,550,38.07,90,91,3,272
2/20/18," Classic Value Towel Set - 6 PCS Included: 2 Bath Towels, 2 Hand Towels, & 2 Washcloths - Cotton/Poly Blend for Maximum Performance - Lightweight - Quick Dry - by Unity (Ash Gray)",124,153,557.07,25,244,313.07,91,96,3,746
3/29/18,Activsport Performance Women's Athletic Socks - Low Cut - 9 Pairs - Multicolor & Pack - Pure Comfort - Moisture Wicking & Breathable - Size 9-11 - Comfort & Performance - By Unity,130,150,324.25,25,135.75,188.5,100,97,2,64
2/3/18," Indoor Extension Cord Multi-Pack UL-Listed - 20FT - 2 Pack - Flexible & Durable, General Purpose, 16 Gauge, Brown Cord, by Unity",109,132,434.13,24,367.92,66.21,95,93,2,528
2/3/18," 6-Pack Classic Wide Rim Signature Melamine Blend Indoor/Outdoor Dinnerware - Canal Blue Wide Band Pattern - By Unity (10.5"" Dinner Plate, Canal Blue)",256,369,492.86,24,223.68,269.18,95,96,3,163
1/27/18," Indoor Extension Cord Multi-Pack UL-Listed - 12FT - 2 Pack - Flexible & Durable, General Purpose, 16 Gauge, Brown Cord, by Unity",119,140,275.31,22,225.5,49.81,92,93,3,513
2/7/18," Indoor Extension Cord Multi-Pack UL listed - 20FT - 2 Pack - Flexible & Durable, General Purpose, 16 Gauge, White Cord, by Unity",198,219,374.25,22,298.1,76.15,91,93,3,335
1/8/18," 18-Piece Food Storage Container Set - Extra Large With Handle - Leak Resistant - Snap Lids - BPA Free - Freezer Safe - Dishwasher Safe - Microwave Safe - Durable And Easy To Clean, by Unity",285,335,355.79,21,167.16,188.63,93,93,2,519
2/24/18,"Unity 11"" Non-Slip Foldable Step Stool with Carrying Handle - Supports Up To 300LBS - Easy Open - Perfect for Kitchen, Bathroom, Bedroom & More - by Unity (Black/White Dots)",71,81,241.34,20,142.2,99.14,95,90,2,150
1/27/18," Classic Value Towel Set - 6 PCS Included: 2 Bath Towels, 2 Hand Towels, & 2 Washcloths - Cotton/Poly Blend for Maximum Performance - Lightweight - Quick Dry - by Unity (Turquoise)",74,92,377.37,19,177.08,200.29,92,92,2,582
3/10/18,"Handi-Craft Classic Value Plastic Toilet Seat - 16.5"" Standard Round - Easy Installation & Cleaning, by Unity (Bone)",61,77,404.73,19,128.63,276.1,95,92,2,707
1/3/18,Battery Powered LED Camp Lantern - 3 Pack - Ultra Portable - 16 LEDs - Rugged Design By Unity (Red/Yellow/Black),275,355,454.19,18,245.7,208.49,96,93,2,571
1/24/18," 18 Piece Food Storage Container Set - Extra Large - Leak Resistant - Snap Lids - BPA Free - Freezer Safe - Dishwasher Safe - Microwave Safe - Durable And Easy To Clean, by Unity",233,283,359.8,18,175.68,184.12,98,91,2,608
1/26/18, 6ft Appliance Extension Cords - 2 Pack - 16 Gauge - 13A 125V 1625W by Unity,112,125,246.37,18,216,30.37,91,95,3,172
3/5/18," Indoor Extension Cord Multi-Pack UL listed - 12FT - 2 Pack - Flexible & Durable, General Purpose, 16 Gauge, White Cord, by Unity",85,103,311.22,18,61.92,249.3,93,98,2,442
3/3/18,"Unity Signature Foldable Storage Ottoman, 15 Inch - Strong & Sturdy - Space Saving - Premium Faux Leather (Black)",229,298,379.43,16,159.84,219.59,94,96,2,326
1/24/18, Y-Shape Dental Floss Picks - 4 Pack - 4 x 32 Count - Included Holder - Pharmacy Quality - By Unity,117,134,224.55,15,199.95,24.6,96,97,2,722
1/29/18,Unity 36 Pack Ultra thin ABS Easy Slide Heavy Duty Non-Slip Clothes Hangers (Purple),183,223,424.49,15,87.9,336.59,92,93,3,751
3/17/18," Chair Pads - Cotton Canvas - Value 4 Pack - Fits 15"" Chair - Solid Color - Classic Design, by Unity (Khaki)",205,267,599.55,15,108.15,491.4,98,92,2,172
1/5/18," 6-Pack Melamine 18oz Tumbler Cups, Break & Chip Resistant, Indoor/Outdoor - Great for Parties! - Wave Rim Design, by Unity (Red)",115,139,159.52,14,80.5,79.02,98,95,3,216
2/10/18, 6-Outlet Surge Protector - 3 Pack - 90 Joules - 2.5FT Power Cord - Circuit Breaker - By Unity,96,121,208.55,14,48.16,160.39,98,91,3,245
3/18/18," 12-Piece Party Bulk Pack Signature Melamine Blend Set - Classic Wide Rim Design - Indoor/Outdoor Reusable Dinnerware - Great Paper Bowl Replacement! - by Unity (7.5"" Bowl, Gold)",312,370,287.52,13,88.01,199.51,100,95,2,514
3/27/18,"Handi-Craft Classic Value Wood Toilet Seat - Cottage Stripe Pattern - 16.5"" Standard Round - Easy Installation & Cleaning, by Unity",176,197,344.55,13,247,97.55,96,100,3,251
1/4/18,"Unity Chair Pads - Cotton Canvas - Value 4 Pack - Fits 15"" Chair - Diamond Pattern - Classic Design (Gray)",235,300,519.61,12,65.16,454.45,99,97,3,759
1/13/18, 8 Piece Kitchen Tool Set - Premium Nylon Construction - Soft Touch Handle With Rest - Colorful Assortment,135,150,192.87,12,120,72.87,94,93,2,485
2/8/18,"Handi-Liner Commercial Bulk Trash Can Liners Virgin Materials - 16 Gallon (20 Rolls, 1000 Liners, 1 Case)",48,53,727.22,12,51.84,675.38,99,96,3,143
1/22/18," Classic Value Towel Set - 6 PCS Included: 2 Bath Towels, 2 Hand Towels, & 2 Washcloths - Cotton/Poly Blend for Maximum Performance - Lightweight - Quick Dry - by Unity (Chocolate Brown)",127,157,197.67,11,87.56,110.11,96,92,2,258
1/23/18,Bamboo Toothpicks 350pk with Dispenser - Biodegradable & Environmentally Friendly - by Unity,79,100,71.88,11,55,16.88,94,99,3,633
1/19/18,"Unity Chair Pads - Cotton Canvas - Value 4 Pack - Fits 15"" Chair - Diamond Pattern - Classic Design (Navy)",308,400,479.64,10,55.5,424.14,94,97,2,619
3/2/18,"Unity Chair Pads - Cotton Canvas - Value 4 Pack - Fits 15"" Chair - Moroccan Trellis Pattern - Classic Design (Gray)",95,138,399.9,10,99.9,300,90,94,3,173
1/6/18, 8 Piece - Break Resistant - Indoor Out Door - 4 Fun Assorted Colors - Dinner Ware Pack - Mix And Match By Unity (17oz Tumbler),102,117,153.67,9,73.98,79.69,96,93,3,197
1/9/18,"Handi-Craft Classic Value Plastic Toilet Seat - 16.5"" Standard Round - Easy Installation & Cleaning, by Unity (White)",46,59,164.89,9,83.88,81.01,93,95,2,654
1/29/18,Battery Powered LED Camp Lantern - 3 Pack - Ultra Portable - 16 LEDs - Rugged Design By Unity (Blue/Green/Black),70,86,189.67,9,94.05,95.62,95,98,3,385
1/19/18,"Classic Value Luxury Bathroom Rug Bath Mat, 100% Microfiber, Non-Slip Latex Backing - Machine Washable - 20"" x 32"" - Extremely Soft - Trellis Pattern - by Unity (Grey)",52,60,139.7,7,71.75,67.95,97,96,2,355
2/15/18,"Unity 15"" Non-Slip Foldable Step Stool with Carrying Handle - Supports Up to 300LBS - Easy Open - Perfect for Kitchen, Bathroom, Bedroom & More - by Unity (White Grey/White Dots)",20,29,125.93,7,94.85,31.08,98,94,2,153
2/23/18,"Unity Signature Foldable Double Storage Ottoman, 30""x15""x15"" - Strong & Sturdy - Space Saving - Premium Faux Leather (Brown)",143,186,244.79,7,47.39,197.4,99,98,2,51
3/7/18,"Unity Signature Foldable Storage Ottoman, 15 Inch - Strong & Sturdy - Space Saving - Premium Faux Leather (Brown)",67,84,139.79,7,39.69,100.1,95,97,3,759
3/16/18,"Unity Signature Foldable Double Storage Ottoman, 30""x15""x15"" - Strong & Sturdy - Space Saving - Premium Faux Leather (Black)",136,176,279.76,7,52.08,227.68,100,91,2,501
1/4/18,"Handi-Liner Commercial Bulk Trash Can Liners Virgin Materials - 20-30 Gallon (20 Rolls, 500 Liners, 1 Case)",18,21,152.82,6,85.8,67.02,98,91,2,412
1/9/18, 8 Piece Kitchen Gadgets - Stainless Steel - Colorful Handles - BPA Free,105,125,159.9,6,51,108.9,98,92,2,437
1/14/18, 3-Pack Children's Break-Resistant Water Bottles - 100% Tritan - BPA-Free - 3 Great Sizes Fun Colors - Hide Away Straw - Kid Tested & Approved - by Unity,210,252,89.82,6,33.3,56.52,91,92,3,553
1/14/18," Outdoor Extension Cord UL-Listed - 50FT - 2 PACK - Heavy Duty & Durable, General Purpose, 16 Gauge, Orange Cord, by Unity",43,61,167.94,6,49.32,118.62,95,97,3,671
1/25/18,"Unity Chair Pads - Cotton Canvas - Value 4 Pack - Fits 15"" Chair - Moroccan Trellis Pattern - Classic Design (Blue)",118,159,359.91,6,81.18,278.73,97,94,2,705
1/26/18, 12 Piece Melamine Dinnerware Set - Service For 4 - Multi-Color Square - Break Resistant - Indoor Outdoor by Unity,51,64,164.73,6,35.16,129.57,94,100,3,311
3/22/18,"Handi-Craft Classic Value Wood Toilet Seat - Sculptured Net Pattern - 16.5"" Standard Round - Easy Installation & Cleaning, by Unity",112,137,137.82,6,42.66,95.16,90,91,3,442
3/26/18," Premium Hanger Set, 10 Pack, Rainbow ""Rubber Feel"" Vinyl-Dipped Chrome, Non-Slip - Full Size & Closet Ready - by Unity",30,39,99.9,6,58.56,41.34,96,96,2,787
3/26/18,"Handi-Liner Commercial Bulk Trash Can Liners Virgin Materials - 33 Gallon (20 Rolls, 500 Liners, 1 Case)",25,32,245.82,6,35.16,210.66,93,94,2,683
3/29/18,"Unity Signature Foldable Double Storage Ottoman, 30""x15""x15"" - Strong & Sturdy - Space Saving - Premium Faux Leather (Red)",116,150,244.79,6,32.58,212.21,94,91,3,507
3/30/18,"Unity Signature Foldable Double Storage Ottoman, 30""x15""x15"" - Strong & Sturdy - Space Saving - Premium Faux Leather (Beige)",174,212,237.79,6,20.64,217.15,93,92,2,201
1/5/18,"Premium Heavy Duty Velvet Hangers - 100 Pack Bulk - Black - Non-Slip, Ultra Thin, 10lbs Capacity - Great for Suits, Pants, & Dresses - by Unity",17,23,239.82,5,46.6,193.22,97,94,3,168
1/12/18,"Premium Heavy Duty Velvet Hangers - 100 Pack Bulk - Taupe - Non-Slip, Ultra Thin, 10lbs Capacity - Great for Suits, Pants, & Dresses - by Unity",91,125,239.82,5,39.8,200.02,98,90,2,177
2/2/18,"Unity Chair Pads - Cotton Canvas - Value 4 Pack - Fits 15"" Chair - Diamond Pattern - Classic Design (Ecru)",179,237,199.85,5,82.75,117.1,90,92,2,493
2/10/18," 6-Pack Classic Wide Rim Signature Melamine Blend Indoor/Outdoor Dinnerware - Canal Blue Wide Band Pattern - By Unity (9"" Deep Plate, Canal Blue)",86,109,54.85,5,37.2,17.65,95,90,3,540
3/20/18,Activsport High Performance Men's Athletic Socks - Low Cut - 12 Pairs - Cushioned Heel - Pure Comfort - Size 10-13 - Moisture Wicking & Breathable - By Unity (Black/Red),11,11,99.85,5,21.6,78.25,91,90,3,96
3/26/18,"Handi-Liner Commercial Bulk Trash Can Liners Virgin Materials - 10 Gallon (20 Rolls, 1000 Liners, 1 Case)",29,31,109.85,5,27.15,82.7,92,93,3,702
1/1/18," Every Day Basic+ Mirror Polish Stainless Steel Cutlery Value Pack (12, Dinner Spoon)",116,146,47.88,4,13.76,34.12,94,96,3,549
1/16/18,"ActivSport 18"" Backpack - Padded Laptop Sleeve - Bottle Holders - Upgraded Zippers - Jumbo Size - Classic Design - by Unity (Black)",28,89,39.88,4,37.28,2.6,98,93,3,561
1/17/18," 6-Pack Classic Wide Rim Signature Melamine Blend Indoor/Outdoor Dinnerware - Canal Blue Wide Band Pattern - By Unity (7.5"" Bowl, Canal Blue)",128,161,43.88,4,41,2.88,93,97,3,599
1/25/18," 3CR14 Grade Stainless Steel Knife Set - 6PCS Including Free Acrylic Stand - High Chromium Steel for Added Strength, Durability & Sharpness - Great for Home & Commercial Kitchens - by Unity",173,213,124.85,4,39.96,84.89,91,97,3,645
1/30/18,Activsport High Performance Men's Athletic Socks - Crew Cut - 12 Pairs - Cushioned Heel - Pure Comfort - Size 10-13 - Moisture Wicking & Breathable - By Unity (White/Blue),22,25,79.88,4,37.28,42.6,96,92,2,115
3/6/18," Every Day Basic+ Mirror Polish Stainless Steel Cutlery Value Pack (12, Dinner Fork)",69,81,83.79,4,61.32,22.47,95,92,2,75
3/12/18,"Unity Chair Pads - Cotton Canvas - Value 4 Pack - Fits 15"" Chair - Southwest Diamond Pattern - Classic Design (Sea Blue)",39,51,159.96,4,31.84,128.12,94,99,3,674
3/24/18," Premium Non-Slip 100% Microfiber Classic Value Machine Washable Bathroom Rug Bath Mat Tile 20"" x 32"" by Unity (Black)",27,29,55.88,4,28.84,27.04,92,92,2,318
1/23/18," 3CR14 Grade Stainless Steel Knife Set - 12PCS Including Free Acrylic Stand - High Chromium Steel for Added Strength, Durability & Sharpness - Great for Home & Commercial Kitchens - by Unity",236,261,86.91,3,23.88,63.03,90,94,3,374
1/23/18,"Unity Chair Pads - Cotton Canvas - Value 4 Pack - Fits 15"" Chair - Feather Pattern - Classic Design (Blue)",49,63,159.88,3,24.66,135.22,95,91,2,62
1/31/18,"ActivSport 18"" Backpack - Padded Laptop Sleeve - Bottle Holders - Upgraded Zippers - Jumbo Size - Classic Design - by Unity (Burgundy)",25,26,29.91,3,22.32,7.59,99,90,3,453
2/3/18,"Unity Double Garment Rack - Telescopic Side Extensions - (31"" - 57"") x 17"" x (35"" - 63"") - Sturdy Wheeled Base - Highly Portable - Tons Of Storage - Heavy Duty",29,31,95.91,3,24.66,71.25,92,91,2,623
2/9/18,"Unity Chair Pads - Cotton Canvas - Value 4 Pack - Fits 15"" Chair - Feather Pattern - Classic Design (Gray)",86,108,199.85,3,11.7,188.15,93,98,3,565
2/11/18," Every Day Basic+ Mirror Polish Stainless Steel Cutlery Bulk Pack (60, Dinner Fork)",59,80,239.94,3,30.75,209.19,99,97,3,378
2/13/18,"Unity 9"" Non-Slip Foldable Step Stool with Carrying Handle & Back Support - Supports Up To 300LBS - Easy Open - Sit or Stand! - by Unity (Black/White Dots)",6,10,44.91,3,10.32,34.59,95,98,2,793
2/13/18,"Handi-Liner Commercial Bulk Trash Can Liners Virgin Materials - 56 Gallon (8 Rolls, 200 Liners, 1 Case)",34,35,94.41,3,17.01,77.4,92,91,3,299
2/21/18,"Unity Single Garment Rack - Telescopic Side Extensions - (31"" - 42"") x 17"" x (35"" - 65"") - Sturdy Wheeled Base - Highly Portable - Tons Of Storage - Heavy Duty",26,29,68.91,3,30.75,38.16,93,93,2,679
3/1/18,"Unity Signature Foldable Storage Ottoman, 15 Inch - Strong & Sturdy - Space Saving - Premium Faux Leather (Beige)",44,49,79.88,3,39.99,39.89,97,90,3,248
3/9/18,"Unity Chair Pads - Cotton Canvas - Value 4 Pack - Fits 15"" Chair - Southwest Diamond Pattern - Classic Design (Gray)",87,123,119.97,3,25.5,94.47,91,99,3,488
3/13/18," 8 Pack Classic Wide Rim Fun Color Melamine Break-Resistant Indoor Outdoor Dinnerware Wide Band Pattern By Unity (10.5"" Dinner Plates, Mixed)",55,72,47.97,3,29.97,18,100,91,2,270
3/19/18,"Unity Laundry Sorter Double Garment Rack - 3 Hampers - 42"" x 17"" x 65"" - Sturdy Wheeled Base - Highly Portable - Tons Of Storage - Great Addition for Your Home!",45,56,128.91,3,29.28,99.63,94,90,3,108
3/22/18," Every Day Basic+ Mirror Polish Stainless Steel Cutlery Bulk Pack (60, Dinner Spoon)",33,45,119.97,3,17.58,102.39,95,95,3,503
1/6/18, Jewelry Cleaner 5oz Value Pack with Basket and Brush Single Pack,11,27,11.94,2,4,7.94,100,95,3,348
1/8/18, Scrubber Brush - Value Packed - Bathroom & Kitchen Scrubber with Handle - Tough on Grime - Great for the BBQ - by  (4),17,23,29.98,2,14.86,15.12,94,100,3,402
1/10/18,"Lip Balm, Delicious Strawberry Flavor, Aloe Vera & Vitamin E Infused, Hydrates & Soothes, by Unity (2)",35,45,11.38,2,4,7.38,94,100,2,240
1/14/18, Scrubber Brush - Value Packed - Bathroom & Kitchen Scrubber with Handle - Tough on Grime - Great for the BBQ - by  (2),13,19,17.98,2,11.1,6.88,100,96,2,142
2/6/18," Classic Value Bath Towel Set - 6 PCS - 25"" x 50"" - Cotton/Poly Blend For Maximum Performance - All Purpose - Lightweight - Quick Dry - by Unity (Roman)",15,21,59.94,2,11.1,48.84,99,95,3,676
2/10/18," Premium Non-Slip 100% Microfiber Classic Value Machine Washable Bathroom Rug Bath Mat Tile 20"" x 32"" by Unity (Purple)",22,25,69.85,2,19.52,50.33,99,98,3,668
2/13/18," Every Day Basic+ Mirror Polish Stainless Steel Cutlery Value Pack (12, Soup Spoon)",29,35,19.94,2,11.72,8.22,100,100,2,310
2/13/18," Ultra Premium Ironing Board - Premium Felt Underlay - Solid Monoblock Surface Board - 100% Cotton Cover - Easy Fold Lever - Sturdy And Dependable - XL 49.5"" x 17"" by Unity",98,111,179.98,2,10.86,169.12,95,97,3,218
2/25/18,Activsport High Performance Men's Athletic Socks - Low Cut - 12 Pairs - Cushioned Heel - Pure Comfort - Size 10-13 - Moisture Wicking & Breathable - By Unity (Gray/Lime),56,57,39.94,2,14.22,25.72,100,93,2,441
2/27/18,"Unity Chair Pads - Cotton Canvas - Value 4 Pack - Fits 15"" Chair - Southwest Diamond Pattern - Classic Design (Black)",32,42,79.98,2,20.5,59.48,93,96,2,592
3/4/18,"Premium Heavy Duty Velvet Hangers - 100 Pack Bulk - Pink - Non-Slip, Ultra Thin, 10lbs Capacity - Great for Suits, Pants, & Dresses - by Unity",7,15,79.94,2,18.64,61.3,90,94,3,561
3/10/18,"Unity Chair Pads - Cotton Canvas - Value 4 Pack - Fits 15"" Chair - Moroccan Trellis Pattern - Classic Design (Black)",47,61,79.98,2,16.44,63.54,92,92,2,89
3/13/18,"Unity Chair Pads - Cotton Canvas - Value 4 Pack - Fits 15"" Chair - Southwest Diamond Pattern - Classic Design (Ecru)",36,64,79.98,2,15.92,64.06,91,97,2,152
3/18/18,Activsport High Performance Men's Athletic Socks - Crew Cut - 12 Pairs - Cushioned Heel - Pure Comfort - Size 10-13 - Moisture Wicking & Breathable - By Unity (Gray/Lime),23,24,39.94,2,27.1,12.84,90,97,3,454
3/18/18,"Unity Chair Pads - Cotton Canvas - Value 4 Pack - Fits 15"" Chair - Diamond Pattern - Classic Design (Black)",100,119,79.94,2,13.54,66.4,93,97,3,595
3/27/18,"Handi-Liner Commercial Bulk Trash Can Liners Virgin Materials - 40-45 Gallon (10 Rolls, 250 Liners, 1 Case)",16,17,63.94,2,30.66,33.28,91,100,3,506
1/7/18,LED Battery Operated Puck Light - 3 Pack - 6 LEDs - Stick Anywhere - Ultra Bright By Unity,3,3,9.97,1,6,3.97,96,93,3,544
1/12/18, Scrubber Brush - Value Packed - Bathroom & Kitchen Scrubber with Handle - Tough on Grime - Great for the BBQ - by  (6),13,17,19.99,1,10,9.99,99,98,2,557
1/15/18,"Classic Value Bathroom Rug Bath Mat, 100% Microfiber, Non-Slip Latex Backing - Machine Washable - 20"" x 32"" - Extremely Soft - Trellis Pattern - by Unity (Purple)",7,9,13.97,1,13.33,0.64,91,92,2,481
1/18/18, Clean Between Dental Floss XL 400yd - 4 Pack - 4 x 100yds Count - Pharmacy Quality - By Unity,23,26,9.47,1,8.5,0.97,91,93,2,477
1/20/18,"Premium Heavy Duty Velvet Hangers - 100 Pack Bulk - Navy - Non-Slip, Ultra Thin, 10lbs Capacity - Great for Suits, Pants, & Dresses - by Unity",4,7,39.97,1,38.56,1.41,95,91,2,603
2/1/18," Every Day Basic+ Mirror Polish Stainless Steel Cutlery Value Pack (12, Dessert Fork)",11,15,9.97,1,7.44,2.53,99,100,2,328
2/6/18,"ActivSport 18"" Backpack - Padded Laptop Sleeve - Bottle Holders - Upgraded Zippers - Jumbo Size - Classic Design - by Unity (Hunter Green)",23,31,9.97,1,6.77,3.2,100,98,2,473
2/10/18,"Unity Signature Foldable Storage Ottoman, 15 Inch - Strong & Sturdy - Space Saving - Polyester Linen (Denim Gray)",11,20,75.88,1,6.77,69.11,92,96,2,756
2/12/18," Every Day Basic+ Mirror Polish Stainless Steel Cutlery Bulk Pack (60, Teaspoon)",19,26,79.98,1,9.99,69.99,90,92,2,576
2/14/18," 8 Pack Classic Wide Rim Fun Color Melamine Break-Resistant Indoor Outdoor Dinnerware Wide Band Pattern By Unity (19oz Tumbler, Mixed)",36,45,13.99,1,9.76,4.23,100,90,3,600
2/14/18," Every Day Basic+ Mirror Polish Stainless Steel Cutlery Bulk Pack (30, Dinner Knife)",25,30,159.96,1,9.76,150.2,97,90,3,698
2/22/18," Dish Drainer Rack - Two Tier - Chrome Plated Steel - Modern Design - Removable Accessories Included: Cutlery Basket, Cup Drainer, & Drip Tray - by Unity",12,16,19.97,1,7.21,12.76,92,90,3,584
2/28/18,"Unity Chair Pads - Cotton Canvas - Value 4 Pack - Fits 15"" Chair - Southwest Diamond Pattern - Classic Design (Green)",34,43,39.99,1,10.25,29.74,92,99,2,488
3/5/18," Double Wardrobe - Storage And Organization - 42"" x 18"" x 65"" - Closet Space Maximizer - Solid Metal Construction - Roll-Up Zipper Door - Canvas - Easy Assembly - By Unity (Navy)",17,19,34.97,1,4.32,30.65,98,97,2,382
3/6/18,"Unity Chair Pads - Cotton Canvas - Value 4 Pack - Fits 15"" Chair - Southwest Diamond Pattern - Classic Design (Gold)",23,25,39.99,1,9.32,30.67,90,100,3,488
3/9/18," Premium Kitchen Tools Set - Silicon Construction - Stainless Steel Handles - Durable And BPA Free (8 Piece, Red)",36,39,19.99,1,5.55,14.44,93,92,3,368
3/11/18,"Unity Chair Pads - Cotton Canvas - Value 4 Pack - Fits 15"" Chair - Southwest Diamond Pattern - Classic Design (Burgundy)",38,49,39.99,1,8.22,31.77,94,90,3,277
3/14/18,"Unity Chair Pads - Cotton Canvas - Value 4 Pack - Fits 15"" Chair - Moroccan Trellis Pattern - Classic Design (Gold)",31,46,39.99,1,7.96,32.03,99,99,2,124
3/15/18," Every Day Basic+ Mirror Polish Stainless Steel Cutlery Value Pack (12, Teaspoon (5.3"" - 13.5cm)",21,26,9.97,1,3.9,6.07,94,98,3,540
3/21/18,"ActivSport 18"" Backpack - Padded Laptop Sleeve - Bottle Holders - Upgraded Zippers - Jumbo Size - Classic Design - by Unity (Gray)",41,46,9.97,1,3.44,6.53,94,93,3,64
3/22/18,Activsport Performance Women's Athletic Socks - Low Cut - 12 Pairs - Multicolor - Plain Heel - Pure Comfort - Moisture Wicking & Breathable - Size 9-11 - Comfort & Performance - By Unity,4,4,11.97,1,5.43,6.54,94,95,3,211
3/23/18,2 Pack 3.4oz Color Changing LED Reed Diffuser Set - Lavender & Neroli - Vanilla & Coconut - Natural Fragrance by Unity,38,49,39.88,1,5.55,34.33,98,92,2,88